<record><leader>00000cas a2200000 a 4500</leader><controlfield tag="001">12046280</controlfield><controlfield tag="008">850517d19331934ksuwr ne      0    0eng d</controlfield><datafield ind1=" " ind2=" " tag="010"><subfield code="a">sn 85030511 </subfield></datafield><datafield ind1=" " ind2=" " tag="040"><subfield code="a">KSH</subfield><subfield code="b">eng</subfield><subfield code="c">KSH</subfield><subfield code="d">NPT</subfield><subfield code="d">OCL</subfield><subfield code="d">OCLCQ</subfield></datafield><datafield ind1=" " ind2=" " tag="042"><subfield code="a">msc</subfield></datafield><datafield ind1="0" ind2="4" tag="245"><subfield code="a">The Waconda chief.</subfield></datafield><datafield ind1=" " ind2=" " tag="260"><subfield code="a">Tipton, Kan. :</subfield><subfield code="b">Harold Dwyer,</subfield><subfield code="c">1933-1934.</subfield></datafield><datafield ind1=" " ind2=" " tag="300"><subfield code="a">v. :</subfield><subfield code="b">ill. ;</subfield><subfield code="c">34 cm.</subfield></datafield><datafield ind1=" " ind2=" " tag="310"><subfield code="a">Weekly</subfield></datafield><datafield ind1="0" ind2=" " tag="362"><subfield code="a">Vol. 2, no. 1 (Jan. 16, 1933)-v. 3, no. 25 (July 3, 1934).</subfield></datafield><datafield ind1=" " ind2=" " tag="500"><subfield code="a">Published in Waconda Springs, Kan., Jan. 24, 1933-July 3, 1934.</subfield></datafield><datafield ind1=" " ind2=" " tag="580"><subfield code="a">Continues: Knot hole (non-extant).</subfield></datafield><datafield ind1=" " ind2=" " tag="752"><subfield code="a">United States</subfield><subfield code="b">Kansas</subfield><subfield code="c">Mitchell</subfield><subfield code="d">Tipton.</subfield></datafield><datafield ind1=" " ind2=" " tag="752"><subfield code="a">United States</subfield><subfield code="b">Kansas</subfield><subfield code="c">Mitchell</subfield><subfield code="d">Waconda Springs.</subfield></datafield><datafield ind1="1" ind2="0" tag="780"><subfield code="t">Knot hole</subfield></datafield><datafield ind1="0" ind2="0" tag="785"><subfield code="t">Cawker City news</subfield><subfield code="w">(DLC)sn 85030512</subfield></datafield></record>